@Book{Bishop2006,
  author    = {Christopher M. Bishop},
  publisher = {Springer},
  title     = {Pattern Recognition and Machine Learning},
  year      = {2006},
  groups    = {Imported lib_ma.bak},
}



@article{illusitionOfSparsity,
  author = {Domenico Giannone, Michele Lenza, Giorgio E. Primiceri},
  title = {Economic Predictions With Big Data: The Illusion of Sparsity},
  journal = {Econometrica},
  volume = {89},
  pages = {2409-2437},
  year = {2021}
}

@article{lasso,
  author = {Robert Tibshirani},
  title = {Regression Shrinkage and Selection Via the Lasso 
},
  journal = {Journal of the Royal Statistical Society. Series B (Methodological)},
  volume = {58},
  pages = {267–28},
  year = {1996}
}

@article{elasticNet,
  author = {Hui Zou, Trevor Hastie},
  title = {Regularization and variable selection via the elastic net},
  journal = {Journal of the Royal Statistical Society Series B: Statistical Methodology},
  volume = {67},
  pages = {301-320},
  year = {2005}
}

@article{SCAD,
  author = {Jianqing Fan, Runze Li},
  title = {Variable selection via nonconcave penalized likelihood and its oracle properties},
  journal = {Journal of the American statistical Association},
  volume = {96},
  pages = {1348-1360},
  year = {2001}
}

@article{boostingApproaches,
  author = {Peter Bühlmann, Bin Yu},
  title = {Boosting With the L2 Loss: Regression and Classification},
  journal = {Journal of the American Statistical Association},
  volume = {98},
  pages = {324-339},
  year = {2003}
}

@article{giannone2021economic,
  title={Economic predictions with big data: The illusion of sparsity},
  author={Giannone, Domenico and Lenza, Michele and Primiceri, Giorgio E},
  journal={Econometrica},
  volume={89},
  number={5},
  pages={2409--2437},
  year={2021},
  publisher={Wiley Online Library}
}


@article{wuthrich2023omitted,
  title={Omitted variable bias of Lasso-based inference methods: A finite sample analysis},
  author={W{\"u}thrich, Kaspar and Zhu, Ying},
  journal={Review of Economics and Statistics},
  volume={105},
  number={4},
  pages={982--997},
  year={2023},
  publisher={MIT Press One Rogers Street, Cambridge, MA 02142-1209, USA journals-info~…}
}

@article{blackWW2,
  title={World War II and black economic progress},
  author={Ferrara, Andreas},
  journal={Journal of Labor Economics},
  volume={40},
  number={4},
  pages={1053--1091},
  year={2022},
  publisher={The University of Chicago Press Chicago, IL}
}

@article{abortionCrime,
  title={The impact of legalized abortion on crime},
  author={Donohue III, John J and Levitt, Steven D},
  journal={The Quarterly Journal of Economics},
  volume={116},
  number={2},
  pages={379--420},
  year={2001},
  publisher={MIT Press}
}

@article{votingMoral,
  title={Moral values and voting},
  author={Enke, Benjamin},
  journal={Journal of Political Economy},
  volume={128},
  number={10},
  pages={3679--3729},
  year={2020},
  publisher={The University of Chicago Press Chicago, IL}
}

@misc{misc_communities_and_crime_unnormalized_211,
  author       = {Redmond,Michael},
  title        = {{Communities and Crime Unnormalized}},
  year         = {2011},
  howpublished = {UCI Machine Learning Repository},
  note         = {{DOI}: https://doi.org/10.24432/C5PC8X}
}

@article{dowhy,
  title={DoWhy: An End-to-End Library for Causal Inference},
  author={Sharma, Amit and Kiciman, Emre},
  journal={arXiv preprint arXiv:2011.04216},
  year={2020}
}

@article{JMLR:v25:22-1258,
author  = {Patrick Bl{{\"o}}baum and Peter G{{\"o}}tz and Kailash Budhathoki and Atalanti A. Mastakouri and Dominik Janzing},
title   = {DoWhy-GCM: An Extension of DoWhy for Causal Inference in Graphical Causal Models},
journal = {Journal of Machine Learning Research},
year    = {2024},
volume  = {25},
number  = {147},
pages   = {1--7},
url     = {http://jmlr.org/papers/v25/22-1258.html}
}